@article{Aad:2012tfa,
      author         = "Aad, Georges and others",
      title          = "{Observation of a new particle in the search for the
                        Standard Model Higgs boson with the ATLAS detector at the
                        LHC}",
      collaboration  = "ATLAS",
      journal        = "Phys. Lett.",
      volume         = "B716",
      year           = "2012",
      pages          = "1-29",
      doi            = "10.1016/j.physletb.2012.08.020",
      eprint         = "1207.7214",
      archivePrefix  = "arXiv",
      primaryClass   = "hep-ex",
      reportNumber   = "CERN-PH-EP-2012-218",
      SLACcitation   = "%%CITATION = ARXIV:1207.7214;%%"
}

@article{Chatrchyan:2012xdj,
      author         = "Chatrchyan, Serguei and others",
      title          = "{Observation of a new boson at a mass of 125 GeV with the
                        CMS experiment at the LHC}",
      collaboration  = "CMS",
      journal        = "Phys. Lett.",
      volume         = "B716",
      year           = "2012",
      pages          = "30-61",
      doi            = "10.1016/j.physletb.2012.08.021",
      eprint         = "1207.7235",
      archivePrefix  = "arXiv",
      primaryClass   = "hep-ex",
      reportNumber   = "CMS-HIG-12-028, CERN-PH-EP-2012-220",
      SLACcitation   = "%%CITATION = ARXIV:1207.7235;%%"
}

@article{EliasMiro:2011aa,
      author         = "Elias-Miro, Joan and Espinosa, Jose R. and Giudice, Gian
                        F. and Isidori, Gino and Riotto, Antonio and Strumia,
                        Alessandro",
      title          = "{Higgs mass implications on the stability of the
                        electroweak vacuum}",
      journal        = "Phys. Lett.",
      volume         = "B709",
      year           = "2012",
      pages          = "222-228",
      doi            = "10.1016/j.physletb.2012.02.013",
      eprint         = "1112.3022",
      archivePrefix  = "arXiv",
      primaryClass   = "hep-ph",
      SLACcitation   = "%%CITATION = ARXIV:1112.3022;%%"
}

@inproceedings{Iso:2013aqa,
      author         = "Iso, Satoshi",
      title          = "{What Can We Learn from the 126 GeV Higgs Boson for the
                        Planck Scale Physics? - Hierarchy Problem and the
                        Stability of the Vacuum -}",
      booktitle      = "{Proceedings, KMI-GCOE Workshop on Strong Coupling Gauge
                        Theories in the LHC Perspective (SCGT 12)}",
      year           = "2014",
      url            = "http://inspirehep.net/record/1226004/files/arXiv:1304.0293.pdf",
      pages          = "238-246",
      doi            = "10.1142/9789814566254_0025",
      eprint         = "1304.0293",
      archivePrefix  = "arXiv",
      primaryClass   = "hep-ph",
      reportNumber   = "KEK-TH-1616",
      SLACcitation   = "%%CITATION = ARXIV:1304.0293;%%"
}

@article{Coleman:1973jx,
      author         = "Coleman, Sidney R. and Weinberg, Erick J.",
      title          = "{Radiative Corrections as the Origin of Spontaneous
                        Symmetry Breaking}",
      journal        = "Phys. Rev.",
      volume         = "D7",
      year           = "1973",
      pages          = "1888-1910",
      doi            = "10.1103/PhysRevD.7.1888",
      SLACcitation   = "%%CITATION = PHRVA,D7,1888;%%"
}